<record><leader>00000cas a22000007a 4500</leader><controlfield tag="001">17559308</controlfield><controlfield tag="008">880301d18791890ohuwr ne      0    0eng d</controlfield><datafield ind1=" " ind2=" " tag="010"><subfield code="a">sn 88077279 </subfield></datafield><datafield ind1=" " ind2=" " tag="040"><subfield code="a">ONP</subfield><subfield code="b">eng</subfield><subfield code="c">ONP</subfield><subfield code="d">OCLCQ</subfield></datafield><datafield ind1=" " ind2=" " tag="042"><subfield code="a">msc</subfield></datafield><datafield ind1="0" ind2=" " tag="130"><subfield code="a">Eaton weekly register (Eaton, Ohio : 1879)</subfield></datafield><datafield ind1="1" ind2="4" tag="245"><subfield code="a">The Eaton weekly register.</subfield></datafield><datafield ind1=" " ind2=" " tag="260"><subfield code="a">Eaton, Ohio :</subfield><subfield code="b">W.F. Albright &amp; Co.,</subfield><subfield code="c">1879-1890.</subfield></datafield><datafield ind1=" " ind2=" " tag="310"><subfield code="a">Weekly</subfield></datafield><datafield ind1="0" ind2=" " tag="362"><subfield code="a">Vol. 59, no. 1 (Jan. 2, 1879)-v. 70, no. 52 (Dec. 25, 1890).</subfield></datafield><datafield ind1=" " ind2=" " tag="752"><subfield code="a">United States</subfield><subfield code="b">Ohio</subfield><subfield code="c">Preble</subfield><subfield code="d">Eaton.</subfield></datafield><datafield ind1="0" ind2="0" tag="780"><subfield code="t">Eaton register (Eaton, Ohio : 1874)</subfield><subfield code="w">(DLC)sn 84028567</subfield></datafield><datafield ind1="0" ind2="0" tag="785"><subfield code="t">Eaton register (Eaton, Ohio : 1891)</subfield><subfield code="w">(DLC)sn 88077280</subfield></datafield></record>